<collection xmlns="http://www.loc.gov/MARC21/slim"><record><leader>00751nam  2200241   450</leader><controlfield tag="001">773</controlfield><controlfield tag="003">http://montalegre.opacnet.com/OPAC/default.aspx?ContentAreaControl=ShowRegHoldings.ascx&amp;RegNo=16662</controlfield><datafield tag="010" ind1=" " ind2=" "><subfield code="a">972-8839-45-6</subfield></datafield><datafield tag="021" ind1=" " ind2=" "><subfield code="b">238189/06</subfield></datafield><datafield tag="100" ind1=" " ind2=" "><subfield code="a">20070518d2006 m y0 ba</subfield></datafield><datafield tag="101" ind1="1" ind2=" "><subfield code="a">por</subfield><subfield code="c">eng</subfield></datafield><datafield tag="102" ind1=" " ind2=" "><subfield code="a">PT</subfield></datafield><datafield tag="200" ind1="1" ind2=" "><subfield code="a">&lt;O &gt;enigma de Aristóteles</subfield><subfield code="f">Margaret Doody</subfield><subfield code="g">trad. Maria Luísa Santos</subfield></datafield><datafield tag="210" ind1=" " ind2=" "><subfield code="a">Lisboa</subfield><subfield code="c">Saída de Emergência</subfield><subfield code="d">2006</subfield></datafield><datafield tag="215" ind1=" " ind2=" "><subfield code="a">285 p.</subfield><subfield code="d">23 cm</subfield></datafield><datafield tag="225" ind1="2" ind2=" "><subfield code="a">Romance histórico / Mistério</subfield></datafield><datafield tag="606" ind1="1" ind2=" "><subfield code="a">Literatura inglesa</subfield></datafield><datafield tag="608" ind1=" " ind2=" "><subfield code="a">Romance histórico</subfield></datafield><datafield tag="675" ind1=" " ind2=" "><subfield code="a">821</subfield></datafield><datafield tag="700" ind1=" " ind2="1"><subfield code="a">Doody</subfield><subfield code="b">Margaret</subfield></datafield><datafield tag="702" ind1=" " ind2="1"><subfield code="a">Santos</subfield><subfield code="b">Maria Luísa</subfield><subfield code="4">730</subfield></datafield><datafield tag="801" ind1=" " ind2="0"><subfield code="a">PT</subfield><subfield code="b">Biblioteca Municipal de Montalegre</subfield><subfield code="g">RPC</subfield></datafield><datafield tag="856" ind1=" " ind2=" "><subfield code="u">locateMedia.asp?cod=20060621094755&amp;ext=jpg</subfield><subfield code="z">CAPA</subfield></datafield><datafield tag="909" ind1="&#9;" ind2=" "><subfield code="a">1</subfield></datafield><datafield tag="966" ind1=" " ind2=" "><subfield code="a">0016744</subfield><subfield code="l">BMM</subfield><subfield code="s">SCG 821 DOO eni</subfield></datafield></record></collection>